<?xml version="1.0" encoding="UTF-8"?><collection xmlns="http://www.loc.gov/MARC21/slim"><record><leader>00487nam--2200193-i-4500</leader><controlfield tag="001">000019073</controlfield><controlfield tag="002">20161230</controlfield><controlfield tag="005">20161230201033</controlfield><controlfield tag="008">060222s1000------------r-----000-0-rus-d</controlfield><datafield ind1=" " ind2=" " tag="040"><subfield code="a">IFIN-HH</subfield></datafield><datafield ind1=" " ind2=" " tag="041"><subfield code="a">rus</subfield></datafield><datafield ind1=" " ind2=" " tag="080"><subfield code="a">537.312.62</subfield></datafield><datafield ind1="1" ind2=" " tag="100"><subfield code="a">Lynton, E.A</subfield></datafield><datafield ind1="1" ind2="0" tag="245"><subfield code="a">Sverhprovodimosti</subfield><subfield code="c">E.a. lynton</subfield></datafield><datafield ind1=" " ind2=" " tag="260"><subfield code="a">Moskva</subfield><subfield code="b">Mir</subfield><subfield code="c">1971</subfield></datafield><datafield ind1=" " ind2=" " tag="300"><subfield code="a">262P</subfield></datafield><datafield ind1=" " ind2=" " tag="500"><subfield code="a">Titlul Original In Limba Engleza: Superconductivity</subfield></datafield><datafield ind1=" " ind2=" " tag="852"><subfield code="a">36338</subfield><subfield code="c">537:538</subfield></datafield><datafield ind1=" " ind2=" " tag="CAT"><subfield code="a">Sys</subfield><subfield code="c">20110617</subfield><subfield code="h">130213</subfield></datafield></record></collection>